%% LaTeX2e file `ref.bib'
%% generated by the `filecontents' environment
%% from source `note' on 2016/11/18.
%%

@article{royen2014simple,
  title={A SIMPLE PROOF OF THE {G}AUSSIAN CORRELATION CONJECTURE EXTENDED TO SOME MULTIVARIATE GAMMA DISTRIBUTIONS},
  author={Royen, Thomas},
  journal={Far East Journal of Theoretical Statistics},
  volume={48},
  number={2},
  pages={139},
  year={2014},
  publisher={Pushpa Publishing House}
}


@incollection{latala2015royen,
	title={Royen’s proof of the Gaussian correlation inequality},
	author={Lata{\l}a, Rafa{\l} and Matlak, Dariusz},
	booktitle={Geometric aspects of functional analysis},
	pages={265--275},
	year={2017},
	publisher={Springer}
}

@book{schneider2013convex,
  title={Convex bodies: the {B}runn--{M}inkowski theory},
  author={Schneider, Rolf},
  number={151},
  year={2013},
  publisher={Cambridge university press}
}

@article{klusowski2019best,
	title={Best Split Nodes for Regression Trees},
	author={Klusowski, Jason M},
	journal={arXiv preprint arXiv:1906.10086},
	year={2019}
}

@article{sattigeri2018fairness,
	title={Fairness gan},
	author={Sattigeri, Prasanna and Hoffman, Samuel C and Chenthamarakshan, Vijil and Varshney, Kush R},
	journal={arXiv preprint arXiv:1805.09910},
	year={2018}
}

@inproceedings{calmon2017optimized,
	title={Optimized pre-processing for discrimination prevention},
	author={Calmon, Flavio and Wei, Dennis and Vinzamuri, Bhanukiran and Ramamurthy, Karthikeyan Natesan and Varshney, Kush R},
	booktitle={Advances in Neural Information Processing Systems},
	pages={3992--4001},
	year={2017}
}

@inproceedings{gordaliza2019obtaining,
	title={Obtaining fairness using optimal transport theory},
	author={Gordaliza, Paula and Del Barrio, Eustasio and Fabrice, Gamboa and Loubes, Jean-Michel},
	booktitle={International Conference on Machine Learning},
	pages={2357--2365},
	year={2019}
}

@inproceedings{hardt2016equality,
	title={Equality of opportunity in supervised learning},
	author={Hardt, Moritz and Price, Eric and Srebro, Nati},
	booktitle={Advances in neural information processing systems},
	pages={3315--3323},
	year={2016}
}

@inproceedings{dwork2012fairness,
	title={Fairness through awareness},
	author={Dwork, Cynthia and Hardt, Moritz and Pitassi, Toniann and Reingold, Omer and Zemel, Richard},
	booktitle={Proceedings of the 3rd innovations in theoretical computer science conference},
	pages={214--226},
	year={2012}
}

@article{madry2017towards,
	title={Towards deep learning models resistant to adversarial attacks},
	author={Madry, Aleksander and Makelov, Aleksandar and Schmidt, Ludwig and Tsipras, Dimitris and Vladu, Adrian},
	journal={arXiv preprint arXiv:1706.06083},
	year={2017}
}


@article{tramer2017ensemble,
	title={Ensemble adversarial training: Attacks and defenses},
	author={Tram{\`e}r, Florian and Kurakin, Alexey and Papernot, Nicolas and Goodfellow, Ian and Boneh, Dan and McDaniel, Patrick},
	journal={arXiv preprint arXiv:1705.07204},
	year={2017}
}

@article{akhtar2018threat,
	title={Threat of adversarial attacks on deep learning in computer vision: A survey},
	author={Akhtar, Naveed and Mian, Ajmal},
	journal={IEEE Access},
	volume={6},
	pages={14410--14430},
	year={2018},
	publisher={IEEE}
}

@article{jalal2017robust,
	title={The robust manifold defense: Adversarial training using generative models},
	author={Jalal, Ajil and Ilyas, Andrew and Daskalakis, Constantinos and Dimakis, Alexandros G},
	journal={arXiv preprint arXiv:1712.09196},
	year={2017}
}


@article{szegedy2013intriguing,
	title={Intriguing properties of neural networks},
	author={Szegedy, Christian and Zaremba, Wojciech and Sutskever, Ilya and Bruna, Joan and Erhan, Dumitru and Goodfellow, Ian and Fergus, Rob},
	journal={arXiv preprint arXiv:1312.6199},
	year={2013}
}


@article{ross2017right,
	title={Right for the right reasons: Training differentiable models by constraining their explanations},
	author={Ross, Andrew Slavin and Hughes, Michael C and Doshi-Velez, Finale},
	journal={arXiv preprint arXiv:1703.03717},
	year={2017}
}


@article{du2019learning,
	title={Learning credible deep neural networks with rationale regularization},
	author={Du, Mengnan and Liu, Ninghao and Yang, Fan and Hu, Xia},
	journal={arXiv preprint arXiv:1908.05601},
	year={2019}
}

@inProceedings{Rothe-ICCVW-2015,
  author = {Rasmus Rothe and Radu Timofte and Luc Van Gool},
  title = {DEX: Deep EXpectation of apparent age from a single image},
  booktitle = {IEEE International Conference on Computer Vision Workshops (ICCVW)},
  year = {2015},
  month = {December},
}

@misc{shepley2019deep,
    title={Deep Learning For Face Recognition: A Critical Analysis},
    author={Andrew Jason Shepley},
    year={2019},
    eprint={1907.12739},
    archivePrefix={arXiv},
    primaryClass={cs.CV}
}

@misc{krkkinen2019fairface,
    title={FairFace: Face Attribute Dataset for Balanced Race, Gender, and Age},
    author={Kimmo Kärkkäinen and Jungseock Joo},
    year={2019},
    eprint={1908.04913},
    archivePrefix={arXiv},
    primaryClass={cs.CV}
}

@article{abdurrahim2017review,
author = {Abdurrahim, Salem and Samad, Salina and Huddin, Aqilah},
year = {2017},
month = {08},
pages = {},
title = {Review on the effects of age, gender, and race demographics on automatic face recognition},
volume = {34},
journal = {The Visual Computer},
doi = {10.1007/s00371-017-1428-z}
}

@article{michalsky2019fair,
author = {Michalsky, Filip},
year = {2019},
month = {01},
pages = {527-528},
title = {Fairness Criteria for Face Recognition Applications},
journal = {Association for Computing Machinery},
doi = {10.1145/3306618.3314308}
}

@inproceedings{buolamwini2018gendershades,
  title={Gender shades - Intersectional accuracy disparities in commercial gender classification},
  author={Buolamwini, Joy and Gebru Timnit},
  booktitle={Proceedings of Machine Learning Research},
  pages={1--15},
  year={2018}
}

@inproceedings{kamishima2011fairness,
  title={Fairness-aware learning through regularization approach},
  author={Kamishima, Toshihiro and Akaho, Shotaro and Sakuma, Jun},
  booktitle={2011 IEEE 11th International Conference on Data Mining Workshops},
  pages={643--650},
  year={2011},
  organization={IEEE}
}

@inproceedings{kamishima2012fairness,
  title={Fairness-aware classifier with prejudice remover regularizer},
  author={Kamishima, Toshihiro and Akaho, Shotaro and Asoh, Hideki and Sakuma, Jun},
  booktitle={Joint European Conference on Machine Learning and Knowledge Discovery in Databases},
  pages={35--50},
  year={2012},
  organization={Springer}
}

@article{grother2019face, title={Face Recognition Vendor Test (FRVT) Part 3: Demographic Effects}, DOI={10.6028/nist.ir.8280}, number={8280}, journal={NIST Interagency/Internal Report (NISTIR)}, author={Grother, Patrick and Ngan, Mei and Hanaoka, Kayee}, year={2019}, month={December}}

@misc{aif360-oct-2018,
    title = "{AI Fairness} 360:  An Extensible Toolkit for Detecting, Understanding, and Mitigating Unwanted Algorithmic Bias",
    author = {Rachel K. E. Bellamy and Kuntal Dey and Michael Hind and
	Samuel C. Hoffman and Stephanie Houde and Kalapriya Kannan and
	Pranay Lohia and Jacquelyn Martino and Sameep Mehta and
	Aleksandra Mojsilovic and Seema Nagar and Karthikeyan Natesan Ramamurthy and
	John Richards and Diptikalyan Saha and Prasanna Sattigeri and
	Moninder Singh and Kush R. Varshney and Yunfeng Zhang},
    month = oct,
    year = {2018},
    url = {https://arxiv.org/abs/1810.01943}
}

@inproceedings{ijcai2017-371,
  author    = {Andrew Slavin Ross and Michael C. Hughes and Finale Doshi-Velez},
  title     = {Right for the Right Reasons: Training Differentiable Models by Constraining their Explanations},
  booktitle = {Proceedings of the Twenty-Sixth International Joint Conference on
               Artificial Intelligence, {IJCAI-17}},
  pages     = {2662--2670},
  year      = {2017},
  doi       = {10.24963/ijcai.2017/371},
  url       = {https://doi.org/10.24963/ijcai.2017/371},
}

@INPROCEEDINGS{6137441,
author={T. {Kamishima} and S. {Akaho} and J. {Sakuma}},
booktitle={2011 IEEE 11th International Conference on Data Mining Workshops},
title={Fairness-aware Learning through Regularization Approach},
year={2011},
volume={},
number={},
pages={643-650},
keywords={data mining;learning (artificial intelligence);pattern classification;probability;regression analysis;fairness aware learning;regularization approach;data mining technologies;credit scoring;statistical prediction techniques;social responsibility;privacy preserving viewpoint;classification results;machine learning;probabilistic discriminative models;logistic regression;Predictive models;Mathematical model;Logistics;Training data;Equations;Indexes;Training;fairness;discrimination;privacy;classification;logistic regression;information theory},
doi={10.1109/ICDMW.2011.83},
ISSN={2375-9259},
month={Dec},}

}